<?xml version='1.0' encoding='UTF-8'?>
<record xmlns="http://www.loc.gov/MARC21/slim">
  <leader>04130cam a2200625 a 4500</leader>
  <controlfield tag="001">406048</controlfield>
  <controlfield tag="003">NjP</controlfield>
  <controlfield tag="005">20170905102644.0</controlfield>
  <controlfield tag="008">871022s1985    ir c          000 0 ara d</controlfield>
  <datafield tag="024" ind1="7" ind2=" ">
    <subfield code="a">princeton_aco002438</subfield>
    <subfield code="2">local</subfield>
  </datafield>
  <datafield ind1=" " ind2=" " tag="035">
    <subfield code="a">(OCoLC)ocn175695945</subfield>
  </datafield>
  <datafield ind1=" " ind2=" " tag="035">
    <subfield code="a">(OCoLC)25342431</subfield>
  </datafield>
  <datafield ind1=" " ind2=" " tag="035">
    <subfield code="a">406048</subfield>
  </datafield>
  <datafield ind1=" " ind2=" " tag="040">
    <subfield code="a">NjP</subfield>
    <subfield code="c">PUL</subfield>
    <subfield code="d">PUL</subfield>
  </datafield>
  <datafield ind1=" " ind2=" " tag="035">
    <subfield code="a">(OCoLC)175695945</subfield>
  </datafield>
  <datafield ind1=" " ind2=" " tag="035">
    <subfield code="a">(CStRLIN)NJPG87-B52668</subfield>
  </datafield>
  <datafield ind1=" " ind2=" " tag="035">
    <subfield code="9">ABY1558TS</subfield>
  </datafield>
  <datafield ind1=" " ind2=" " tag="035">
    <subfield code="a">(NjP)406048</subfield>
  </datafield>
  <datafield ind1="0" ind2=" " tag="041">
    <subfield code="a">araper</subfield>
  </datafield>
  <datafield ind1=" " ind2=" " tag="079">
    <subfield code="a">ocm25342431</subfield>
  </datafield>
  <datafield ind1=" " ind2=" " tag="049">
    <subfield code="a">PULL</subfield>
  </datafield>
  <datafield ind1="1" ind2=" " tag="100">
    <subfield code="6">880-01</subfield>
    <subfield code="a">Adhirbayjānī, Ḥabīb Allāh ibn Muḥammad,</subfield>
    <subfield code="d">1851 or 1852-1906 or 1907.</subfield>
    <subfield code="0">http://id.loc.gov/authorities/names/nr91027356</subfield>
  </datafield>
  <datafield ind1="1" ind2="0" tag="245">
    <subfield code="6">880-02</subfield>
    <subfield code="a">Minhāj al-barāʻah fī sharḥ Nahj al-balāghah /</subfield>
    <subfield code="c">li-muʼallifihi Ḥabīb Allāh al-Hāshimī al-Khūʼī ; ʻuniyá bi-taṣḥīḥihi wa-tahḍībihi Ibrāhīm al-Miyānjī.</subfield>
  </datafield>
  <datafield ind1=" " ind2=" " tag="250">
    <subfield code="6">880-03</subfield>
    <subfield code="a">al-Ṭabʻah 4.</subfield>
  </datafield>
  <datafield ind1=" " ind2=" " tag="260">
    <subfield code="6">880-04</subfield>
    <subfield code="a">Tihrān :</subfield>
    <subfield code="b">Bunyād-i Farhangī-i Imām al-Mahdī,</subfield>
    <subfield code="c">[1364 i.e 1985]</subfield>
  </datafield>
  <datafield ind1=" " ind2=" " tag="300">
    <subfield code="a">21 v. :</subfield>
    <subfield code="b">port. ;</subfield>
    <subfield code="c">25 cm.</subfield>
  </datafield>
  <datafield ind1=" " ind2=" " tag="500">
    <subfield code="a">Arabic and Persian.</subfield>
  </datafield>
  <datafield ind1=" " ind2=" " tag="500">
    <subfield code="a">Volume 17: publication date: 1364 Shamsī [1985 M]</subfield>
  </datafield>
  <datafield ind1=" " ind2=" " tag="500">
    <subfield code="a">Spine title: Sharḥ-i Nahj al-balāghah.</subfield>
  </datafield>
  <datafield ind1=" " ind2=" " tag="500">
    <subfield code="6">880-05</subfield>
    <subfield code="a">"Muʼallif ... sharḥ-i Nahj al-balāghah rā tā khuṭbah-ʼi divīst va bīst hasht dar chahārdah mujallad sharḥ nimūd va baqīyah-i ān-rā tā jild-i 19 ... Najm al-Dīn Ḥasan Āmulī (Ḥasanʹzādah) ... sharḥ nimūdah va 2 jild-i bīstum va bīst yakum-i ān-rā ... Muḥammad Bāqir Kamrahʹī ... sharḥ kardah"--V. 1, p. 15 (1st group)</subfield>
  </datafield>
  <datafield ind1="1" ind2="0" tag="600">
    <subfield code="6">880-06</subfield>
    <subfield code="a">Sharīf al-Raḍī, Muḥammad ibn al-Ḥusayn,</subfield>
    <subfield code="d">969 or 70-1016.</subfield>
    <subfield code="t">Nahj al-balāghah.</subfield>
  </datafield>
  <datafield ind1="0" ind2="0" tag="600">
    <subfield code="6">880-07</subfield>
    <subfield code="a">ʻAlī ibn Abī Ṭālib,</subfield>
    <subfield code="c">Caliph,</subfield>
    <subfield code="d">600 (ca.)-661.</subfield>
  </datafield>
  <datafield ind1=" " ind2="0" tag="650">
    <subfield code="a">Shīʻah</subfield>
    <subfield code="x">Doctrines.</subfield>
    <subfield code="0">http://id.loc.gov/authorities/subjects/sh85121391</subfield>
  </datafield>
  <datafield ind1="0" ind2=" " tag="700">
    <subfield code="6">880-08</subfield>
    <subfield code="a">ʻAlī ibn Abī Ṭālib,</subfield>
    <subfield code="c">Caliph,</subfield>
    <subfield code="d">600 (ca.)-661.</subfield>
  </datafield>
  <datafield ind1="1" ind2=" " tag="700">
    <subfield code="6">880-09</subfield>
    <subfield code="a">Sharīf al-Raḍī, Muḥammad ibn al-Ḥusayn,</subfield>
    <subfield code="d">969 or 70-1016.</subfield>
    <subfield code="t">Nahj al-balāghah.</subfield>
    <subfield code="0">http://id.loc.gov/authorities/names/n80001372</subfield>
  </datafield>
  <datafield ind1="1" ind2=" " tag="700">
    <subfield code="6">880-10</subfield>
    <subfield code="a">Mīyānjī, Ibrāhīm,</subfield>
    <subfield code="d">1913 or 1914-1991 or 1992.</subfield>
    <subfield code="0">http://id.loc.gov/authorities/names/no2006016012</subfield>
  </datafield>
  <datafield ind1="1" ind2=" " tag="700">
    <subfield code="6">880-11</subfield>
    <subfield code="a">Ḥasanʹzādah Āmulī, Ḥasan.</subfield>
  </datafield>
  <datafield ind1="1" ind2=" " tag="700">
    <subfield code="6">880-12</subfield>
    <subfield code="a">Kamrahʹī, Muḥammad Bāqir.</subfield>
  </datafield>
  <datafield ind1="0" ind2=" " tag="740">
    <subfield code="6">880-13</subfield>
    <subfield code="a">Sharḥ-i Nahj al-balāghah.</subfield>
  </datafield>
  <datafield ind1="1" ind2=" " tag="880">
    <subfield code="6">100-01/r</subfield>
    <subfield code="a">اذربيجاني، حبيب الله بن محمد،</subfield>
    <subfield code="d">1851 or 1852-1906 or 1907.</subfield>
  </datafield>
  <datafield ind1="1" ind2="0" tag="880">
    <subfield code="6">245-02/r</subfield>
    <subfield code="a">منهاج البراعة في شرح نهج البلاغة /</subfield>
    <subfield code="c">لمؤلفه حبيب الله الهاشمي الخوئي ؛ عنيى بتصحيحه وتهضيبه ابراهيم الميانجي.</subfield>
  </datafield>
  <datafield ind1=" " ind2=" " tag="880">
    <subfield code="6">250-03/r</subfield>
    <subfield code="a">الطبعة 4.</subfield>
  </datafield>
  <datafield ind1=" " ind2=" " tag="880">
    <subfield code="6">260-04/r</subfield>
    <subfield code="a">تهران :</subfield>
    <subfield code="b">بنيادا فرهنگيا امام المهدي،</subfield>
    <subfield code="c">[1364 ا. 1985]</subfield>
  </datafield>
  <datafield ind1=" " ind2=" " tag="880">
    <subfield code="6">500-05/r</subfield>
    <subfield code="a">"مؤلف ... شرحا نهج البلاغة را تا خطبهئ دڤيست ڤ بيست هشت در چهاردة مجلد شرح نمود ڤ بقيةا آنرا تا جلدا 19 ... نجم الدين حسن آملي (حسنزاده) ... شرح نمودة ڤ 2 جلدا بيستم ڤ بيست يكما آنرا ... محمد باقر كمرهي ... شرح كرده"ڤ. 1، ص. 15 (1ست گرپ)</subfield>
  </datafield>
  <datafield ind1="1" ind2="0" tag="880">
    <subfield code="6">600-06/r</subfield>
    <subfield code="a">شريف الرضي، محمد بن الحسين،</subfield>
    <subfield code="d">969 or 70-1016.</subfield>
    <subfield code="t">نهج البلاغة.</subfield>
  </datafield>
  <datafield ind1="0" ind2="0" tag="880">
    <subfield code="6">600-07/r</subfield>
    <subfield code="a">علي بن ابي طالب،</subfield>
    <subfield code="c">لپه،</subfield>
    <subfield code="d">600 (.)661.</subfield>
  </datafield>
  <datafield ind1="0" ind2=" " tag="880">
    <subfield code="6">700-08/r</subfield>
    <subfield code="a">علي بن ابي طالب،</subfield>
    <subfield code="c">لپه،</subfield>
    <subfield code="d">600 (.)661.</subfield>
  </datafield>
  <datafield ind1="1" ind2=" " tag="880">
    <subfield code="6">700-09/r</subfield>
    <subfield code="a">شريف الرضي، محمد بن الحسين،</subfield>
    <subfield code="d">969 or 70-1016.</subfield>
    <subfield code="t">نهج البلاغة.</subfield>
  </datafield>
  <datafield ind1="1" ind2=" " tag="880">
    <subfield code="6">700-10/r</subfield>
    <subfield code="a">ميانجي، ابراهيم،</subfield>
    <subfield code="d">1913 or 1914-1991 or 1992.</subfield>
  </datafield>
  <datafield ind1="1" ind2=" " tag="880">
    <subfield code="6">700-11/r</subfield>
    <subfield code="a">حسنزادة آملي، حسن.</subfield>
  </datafield>
  <datafield ind1="1" ind2=" " tag="880">
    <subfield code="6">700-12/r</subfield>
    <subfield code="a">كمرهي، محمد باقر.</subfield>
  </datafield>
  <datafield ind1="0" ind2=" " tag="880">
    <subfield code="6">740-13/r</subfield>
    <subfield code="a">شرحا نهج البلاغة.</subfield>
  </datafield>
  <datafield ind1=" " ind2=" " tag="998">
    <subfield code="a">08/23/91</subfield>
    <subfield code="s">9114</subfield>
    <subfield code="n">NjP</subfield>
    <subfield code="w">NJPG87B52668</subfield>
    <subfield code="d">10/22/87</subfield>
    <subfield code="c">KE</subfield>
    <subfield code="b">JEB</subfield>
    <subfield code="i">910823</subfield>
    <subfield code="l">NJPG</subfield>
  </datafield>
  <datafield ind1=" " ind2=" " tag="911">
    <subfield code="a">19921028</subfield>
  </datafield>
  <datafield ind1=" " ind2=" " tag="912">
    <subfield code="a">19980630052441.0</subfield>
  </datafield>
  <datafield ind1=" " ind2=" " tag="994">
    <subfield code="a">C0</subfield>
    <subfield code="b">PUL</subfield>
  </datafield>
  <datafield ind1=" " ind2=" " tag="999">
    <subfield code="a">406048</subfield>
  </datafield>
  <datafield ind1="0" ind2="0" tag="852">
    <subfield code="0">442464</subfield>
    <subfield code="b">nec</subfield>
    <subfield code="t">1</subfield>
    <subfield code="h">PJ7750.S5</subfield>
    <subfield code="i">N3453 1985</subfield>
  </datafield>
  <datafield ind1=" " ind2=" " tag="959">
    <subfield code="a">2000-06-13 00:00:00 -0500</subfield>
  </datafield>
</record>
